@article{Mazi_article,
  author    = {M. Jalaal, K.Mehravaran},
  title     = {Fragmentation of falling liquid droplets in bag breakup mode},
  journal   = {International Journal of Multiphase Flow},
  year      = {2012}
}

@article{Villermaux2007,
  author    = {E. Villermaux},
  title     = {Fragmentation},
  journal   = {Annual Review of Fluid Mechanics},
  year      = {2007}
}
